@Article{larson_2014,
  author  = "Anders Larsson",
  title   = "AliView: a fast and lightweight alignment viewer and editor for large data sets",
  journal = "Bioinformatics",
  year    = "2014",
  volume  = "30",
  number  = "22",
  pages   = "3276--3278",
  doi  = "http://dx.doi.org/10.1093/bioinformatics/btu531"
}

@book{anderson_2008,
	year = {2008},
	author = {David R. Anderson},
	title = {Model based inferences in the life sciences: a primer on evidence.},
	publisher = {Springer},
	address = {Fort Collins, CO}
}
@Article{ Camin_and_Sokal_1965,
	author = {J H Camin and R R Sokal},
	year = {1965},
	title = {A method for deducing branching sequences in phylogeny},
	journal = {Evolution},
	volume = {19},
	pages = {311--326}
}

@Misc{ Darriba_and_Posada_2015,
	author =   {Diego Darriba and David Posada},
	title =    {jModelTest 2.0 v0.1.1},
	howpublished = {\url{http://code.google.com/p/jmodeltest2/}},
	year = {2015}
}

@Article{ Darriba_et_al_2012,
	author = {Diego Darriba and G L Taboada and R Doallo and David Posada},
	year = {2003},
	title = {jModelTest 2: more models, new heuristics and parallel computing.},
	journal = {Nature Methods},
	volume = {9},
	pages = {772}
}

@Article{ Guidon_and_Gascuel_2003,
	author = {S Guidon and O Gascuel},
	year = {2012},
	title = {A simple, fast and accurate method to estimate large phylogenies by maximum-likelihood.},
	journal = {Systematic Biology},
	volume = {52},
	pages = {696--704}
}



@Article{ Farris_1988,
	author = {J S Farris},
	year = {1970},
	title = {A method for computing Wagner trees.},
	journal = {Systematic Zoology},
	volume = {19},
	pages = {83--92}
}

@Article{ Hendy_and_Penny_1982,
	author = {M D Hendy and D Penny},
	year = {1982},
	title = {Branch and bound algorithms to determine minimal evolutionary trees.},
	journal = {Mathematical Biosciences},
	volume = {60},
	pages = {133--142}
}


@Article{ Land_and_Doig_1960,
	author = {A H Land and A G Doig},
	year = {1960},
	title = {An automatic method of solving discrete programming problems.},
	journal = {Econometrica},
	volume = {28},
	pages = {497--520}
}

@Article{ kalyaanamoorthy_et_al_2017,
	author = {S Kalyaanamoorthy and B Q Minh and T K F  Wong and A von Haeseler and L S  Jermiin},
	year = {2017},
	title = {ModelFinder: fast model selection for accurate phylogenetic estimates.},
	journal = {Nature Methods},
	volume = {14},
	pages = {587--589}
}

@Article{ Nguyen_et_al_2015,
	author = {L T  Nguyen and H A Schmidt and A von Haeseler and B Q Minh},
	year = {2015},
	title = {IQ-TREE: A fast and effective stochastic algorithm for estimating maximum likelihood.},
	journal = {Molecular Biology and Evolution},
	volume = {32},
	pages = {268--274}
}

@Article{ Ramirez_2006,
	author = {Martín J Ramírez},
	year = {2006},
	title = { Further problems with the incongruence length difference test: ``hypercongruence'' effect and multiple comparisons.},
	journal = {Cladistics},
	volume = {22},
	pages = {289--295}
}

@Article{ Robinson_1971,
	author = {D F Robinson},
	year = {1971},
	title = {Comparison of labelled trees with valency three.},
	journal = {Journal of Combinatorial Theory},
	volume = {11},
	pages = {105--109}
}

@Article{ Tavare_1986,
	author = {S Tavaré},
	journal = {Lectures on Mathematics in the Life Sciences},
	volume = {17},
	number = {},
	pages = {57--86},
	title = {Some probabilistic and statistical problems on the analysis of dna sequences},
	year = {1986}
}

@Article{ Guindon_et_al_2010,
	author = {S Guindon and J F  Dufayard and V Lefort and M Anisimova and W Hordijk and O Gascuel},
	journal = {Systematic Biology},
	volume = {56},
	number = {3},
	pages = {307--321},
	title = {New Algorithms and Methods to Estimate Maximum-Likelihood Phylogenies: Assessing the Performance of PhyML 3.0.},
	year = {2010}
}

@Article{ Farris1973EPL,
	author = {Farris, JS},
	journal = {Systematic Biology},
	number = {3},
	pages = {250--256},
	title = {{A Probability Model for Inferring Evolutionary Trees}},
	volume = {22},
	year = {1973}
}


@Article{ Barry&Hartigan1987,
	author = {Barry, D and Hartigan, JA},
	journal = {Statistical Science},
	number = {2},
	pages = {191--207},
	title = {{Statistical Analysis of Hominoid Molecular Evolution}},
	volume = {2},
	year = {1987}
}


@Article{ Stamatakis_2014,
	author = {Alexandros Stamatakis},
	journal = {Bioinformatics},
	number = {},
	pages = {},
	title = {RAxML Version 8: A tool for phylogenetic analysis and post-analysis of large phylogenies.},
	volume = {doi: 10.1093/bioinformatics/btu033},
	year = {2014}
}

@Article{ Steel2000,
	author = {Steel, M and Penny, D},
	journal = {Molecular biology and evolution},
	number = {6},
	pages = {839--50},
	title = {{Parsimony, likelihood, and the role of models in molecular phylogenetics.}},
	volume = {17},
	year = {2000}
}

@Article{ Lewis1998,
	author = {Lewis, P O},
	journal = {Molecular biology and evolution},
	number = {3},
	pages = {277--83},
	title = {{A genetic algorithm for maximum-likelihood phylogeny inference using nucleotide sequence data.}},
	url = {http://www.ncbi.nlm.nih.gov/pubmed/9501494},
	volume = {15},
	year = {1998}
}


@Article{ Posada2008,
	author = {Posada, David},
	doi = {10.1093/molbev/msn083},
	journal = {Molecular biology and evolution},
	number = {7},
	pages = {1253--6},
	title = {{jModelTest: phylogenetic model averaging.}},
	url = {http://www.ncbi.nlm.nih.gov/pubmed/18397919},
	volume = {25},
	year = {2008}
}


@Misc{ Maddison&Maddison2011,
	author = {Maddison, W. P. and Maddison, D.R.},
	title = {{Mesquite: a modular system for evolutionary analysis. Version 2.75}},
	url = {http://mesquiteproject.org},
	year = {2011}
}


@Article{ KatohETAL2002,
	author = {Katoh, Kazutaka and Misawa, Kazuharu and Kuma, Kei-ichi and Miyata, Takashi},
	journal = {Nucleic acids research},
	number = {14},
	pages = {3059--66},
	title = {{MAFFT: a novel method for rapid multiple sequence alignment based on fast Fourier transform.}},
	volume = {30},
	year = {2002}
}

@Article{ KatohETAL2005,
	author = {Katoh, Kazutaka and Kuma, Kei-ichi and Toh, Hiroyuki and Miyata, Takashi},
	doi = {10.1093/nar/gki198},
	journal = {Nucleic acids research},
	number = {2},
	pages = {511--8},
	title = {{MAFFT version 5: improvement in accuracy of multiple sequence alignment.}},
	volume = {33},
	year = {2005}
}

@Article{ Katoh&Toh2008,
	author = {Katoh, Kazutaka and Toh, Hiroyuki},
	doi = {10.1093/bib/bbn013},
	journal = {Briefings in bioinformatics},
	number = {4},
	pages = {286--98},
	title = {{Recent developments in the MAFFT multiple sequence alignment program.}},
	volume = {9},
	year = {2008}
}


@Article{ FarrisETAL1996,
	author = {Farris, James S and Albert, VA and Kallerjo, M and Lipscomb, D and Kluge, AG and Ka, M},
	journal = {Cladistics},
	pages = {99--124},
	title = {{Parsimony jackknifing outperforms neighbor-joining}},
	volume = {12},
	year = {1996}
}

@Book{ Popper1959,
	address = {London},
	author = {Popper, K},
	isbn = {041507892X},
	pages = {513},
	publisher = {Routledge},
	title = {{The Logic of Scientific Discovery}},
	year = {1959}
}

@Article{ GoloboffETAL2008,
	author = {Goloboff, PA and Farris, JS and Nixon, KC},
	doi = {10.1111/j.1096-0031.2008.00217.x},
	journal = {Cladistics},
	number = {5},
	pages = {774--786},
	title = {{TNT, a free program for phylogenetic analysis}},
	volume = {24},
	year = {2008}
}
@Article{ VaronETAL2010,
	author = {Varon, A and Vinh, LS and Wheeler, WC},
	doi = {10.1111/j.1096-0031.2009.00282.x},
	journal = {Cladistics},
	number = {1},
	pages = {72--85},
	title = {{POY version 4: phylogenetic analysis using dynamic homologies}},
	volume = {26},
	year = {2010}
}
@Article{ GoodmanETAL1982,
	author = {Goodman, M and Olson, CB and Beeher,JE and Czelusniak, J},
	journal = {Acta Zoologica Fennica},
	pages = {19--35},
	title = {{New perspectives in the molecular biological analysis of mammalian phylogeny}},
	volume = {169},
	year = {1982}
}
@Article{ NellesETAL1984,
	author = {Nelles, L and Fang, BL and Volckaert, G and Vandenberghe, A and {De Wachter}, R},
	journal = {Nucleic Acids Research},
	number = {23},
	pages = {8749--8768},
	title = {{Nucleotide sequence of a crustacean 18S ribosomal RNA gene and secondary structure of eukaryotic small subunit ribosomal RNAs}},
	volume = {12},
	year = {1984}
}

@Article{ Felsenstein_1978,
	author = {Joel Felsenstein},
	journal = {Systematic Zoology},
	number = {4},
	pages = {783--791},
	title = {Cases in which parsimony or compatibility methods will be positively misleading},
	volume = {27},
	year = {1978}
}


@Article{ Felsenstein1985,
	author = {Joel Felsenstein},
	journal = {Evolution},
	number = {4},
	pages = {783--791},
	title = {{Confidence Limits on Phylogenies: An Approach Using the Bootstrap Joseph}},
	volume = {39},
	year = {1985}
}

@Article{ TurbevilleETAL1991,
	author = {Turbeville, JM and Pfeifer, DM and Field, KG and Raff, R},
	journal = {Molecular biology and evolution},
	number = {5},
	pages = {669--86},
	title = {{The phylogenetic status of arthropods, as inferred from 18S rRNA sequences.}},
	volume = {8},
	year = {1991}
}
@Article{ FriedrichTauz1995,
	author = {Friedrich, M and Tautz, D},
	journal = {Nature},
	pages = {165--167},
	title = {{Ribosomal DNA phylogeny of the major extant arthropod classes and the evolution of myriapods}},
	volume = {376},
	ear = {1995}
}
@Article{ Sanderson1995,
	author = {Sanderson, MJ},
	number = {3},
	pages = {299--320},
	title = {{Objections to bootstrapping phylogenies: a critique}},
	volume = {44},
	year = {1995}
}
@Article{ WheelerHayashi1998,
	author = {Wheeler, Ward C and Hayashi, Cheryl Y},
	doi = {10.1111/j.1096-0031.1998.tb00331.x},
	journal = {Cladistics},
	number = {2},
	pages = {173--192},
	title = {{The Phylogeny of the Extant Chelicerate Orders}},
	volume = {14},
	year = {1998}
}
@Article{ GatesyETAL1999,
	author = {Gatesy, J and {O'Grady}, P and Baker, RH},
	doi = {10.1111/j.1096-0031.1999.tb00268.x},
	journal = {Cladistics},
	number = {3},
	pages = {271--313},
	title = {{Corroboration among Data Sets in Simultaneous Analysis: Hidden Support for Phylogenetic Relationships among Higher Level Artiodactyl Taxa}},
	volume = {15},
year = {1999}
}
@Article{ GrantKluge2007,
	author = {Grant, T and Kluge, AG},
	doi = {10.1016/j.ympev.2006.11.027},
	journal = {Molecular phylogenetics and evolution},
	number = {1},
	pages = {483--7},
	title = {{Ratio of explanatory power (REP): a new measure of group support.}},
	volume = {44},
	year = {2007}
}
@Article{ GrantKluge2008a,
	author = {Grant, T and Kluge, AG},
	doi = {10.1016/j.ympev.2008.04.023},
	journal = {Molecular phylogenetics and evolution},
	number = {1},
	pages = {405--6},
	title = {{Credit where credit is due: The Goodman-Bremer support metric.}},
	volume = {49},
	year = {2008}
}
@Article{ Siddall2009,
	author = {Siddall, ME},
	doi = {10.1111/j.1096-0031.2009.00295.x},
	journal = {Cladistics},
	pages = {444--452},
	title = {{Unringing a bell: metazoan phylogenomics and the partition bootstrap}},
	url = {http://doi.wiley.com/10.1111/j.1096-0031.2009.00295.x},
	volume = {26},
	year = {2009}
}
@Misc{ Wheeler2009,
	author = {Wheeler, WC},
	journal = {Cladistics},
	pages = {1--16},
	title = {{Distinctions between Optimal and Expected Support}},
	year = {2009}
}
@Article{ GrantKluge2010,
	author = {Grant, T and Kluge, AG},
	doi = {10.1016/j.ympev.2009.10.028},
	journal = {Molecular phylogenetics and evolution},
	number = {1},
	pages = {340--2},
	title = {{REP provides meaningful measurement of support across datasets.}},
	volume = {55},
	year = {2010}
}
@Book{ Wheeler2012,
	address = {Oxford},
	author = {Wheeler, WC},
	edition = {First},
	isbn = {9780470671702},
	pages = {426},
	publisher = {Wiley-Blackwell},
	title = {{Systematics: A Course of Lectures}},
	year = {2012}
}
@Article{ SimmonsETAl2013,
	author = {Simmons, MP and Norton, AP},
	doi = {10.1016/j.ympev.2013.01.020},
	journal = {Molecular phylogenetics and evolution},
	number = {1},
	pages = {277--96},
	title = {{Quantification and relative severity of inflated branch-support values generated by alternative methods: an empirical example.}},
	volume = {67},
	year = {2013}
}
@Article{ GrantKluge2008b,
	author = {Grant, T and Kluge, AG},
	doi = {10.1111/j.1096-0031.2008.00231.x},
	journal = {Cladistics},
	month = dec,
	number = {6},
	pages = {1051--1064},
	title = {{Clade support measures and their adequacy}},
	volume = {24},
	year = {2008}
}
@Article{ Bremer1988,
	author = {Bremer, K},
	journal = {Evolution},
	number = {4},
	pages = {795--803},
	title = {{The Limits of Amino Acid Sequence Data in Angiosperm Phylogenetic Reconstruction}},
	volume = {42},
	year = {1988}
}

@Article{ Agnarsson_and_Miller_2008,
	author = {Ingi Agnarsson and Jeremy A Miller},
	year = {2008},
	title = {{Is ACCTRAN better than DELTRAN?}},
	journal = {Cladistics},
	volume = {24},
	pages = {1--7}
}

@Article{ Barrett_et_al_1991,
	author = {Martin Barrett and Michael J Donoghue and Elliott Sober},
	year = {1991},
	title = {{Against consensus}},
	journal = {Systematic Zoology},
	volume = {40},
	pages = {486--493}
}

@Misc{ Bogdanowicz_2010,
	author =   {Damian Bogdanowicz},
	title =    {{MSdist 0.5 – an application for computing the Matching Split distance between phylogenetic trees}},
	howpublished = {\url{http://www.kaims.pl/~dambo/mcdist/}},
	note = {Version 0.5},
	year = {2010}
}

@BachelorsThesis{ Berlund_2011,
	school = {{Stockholm Universitet}},
	title = {{Visualization of phylogenetic tree space}},
	author = {Daniel Berlund},
	year = {2011},
	note = {Bachelor's thesis in Mathematical Statistics, Stockholm Universitet, Stockholm, Sweeden},
	pagetotal = {22},
	location = {Stockholm, Sweeden}
}

@Article{ BogdanowiczETGiaro_2013,
	author = {Damian Bogdanowicz and Krzysztof Giaro},
	year = {2013},
	title = {{On a matching distance between rooted phylogenetic trees}},
	journal = {International Journal of Applied Mathematics and Computer Science},
	volume = {23},
	pages = {669--684}
}

@Article{ Bremer_1990,
	author = {K Bremer},
	year = {1990},
	title = {{Combinable component consensus}},
	journal = {Cladistics},
	volume = {6},
	pages = {369--372}
}

@InBook{ Bryant_2003,
	title = {{A classification of consensus methods for phylogenetics pp. 163--183 in Bioconsensus}},
	booktitle = {{DIMACS Series in Discrete Mathematics and Theoretical Computer Science, Volume 61}},
	author = {David Bryant},
	editor = {M F Janowitz and F J Lapointe and F R McMorris and B Mirkin and F S Roberts},
	publisher = {American Mathematical Society},
	location = {Providence, Rhode Island},
	year = {2003}
}

@Article{ Caira_et_al_2013,
	author = {J N Caira and F P L Marques and K Jensen and R Kuchta and V Ivanov},
	year = {2013},
	title = {Phylogenetic analysis and reconfiguration of genera in the cestode order Diphyllidea.},
	journal = {International Journal for Parasitology},
	volume = {43},
	pages = {621--639}
}

@Article{ Carpenter_1988,
	author = {James M Carpenter},
	year = {1988},
	title = {{Choosing among equally parsimonious cladograms}},
	journal = {Cladistics},
	volume = {4},
	pages = {291--296}
}

@Book{ Cobbaut_2013,
	title = {{Linux Fundamentals}},
	author = {Cobbaut, P.},
	publisher = {Netsec BVBA},
	location = {Belgium},
	pagetotal = {{920}},
	year = {2013}
}

@Article{ Coddington_and_Scharff_1994,
	author = {J Coddington and N Scharff},
	year = {1994},
	title = {{Problems with zero-length branches}},
	journal = {Cladistics},
	volume = {10},
	pages = {415--423}
}

@Article{ dePinna_1991,
	author = {Mario G G de Pinna},
	year = {1991},
	title = {{Concepts and tests of homology in the cladistic paradigm}},
	journal = {Cladistics},
	volume = {7},
	pages = {367--394}
}

@Article{ dias_et_al_2013,
	author = {P H S Dias and Renata Cecilia Amaro and Ana Maria Paulino Teller de Carvalho-e-Silva and Miguel Trefaut Rodrigues},
	year = {2013},
	title = {{Two new species of \textit{Proceratophrys} Miranda-Ribeiro, 1920 (Anura; Odontophrynidae) from the Atlantic forest, with taxonomic remarks on the genus}},
	journal = {Zootaxa},
	volume = {3682},
	pages = {277--304}
}

@Article{ Dikow_2009,
	author = {Torsten Dikow},
	year = {2009},
	title = {A phylogenetic hypothesis for Asilidae based on a total evidence analysis of morphological and DNA sequence data (Insecta: Diptera:Brachycera:Asiloidea)},
	journal = {Organisms, Diversity \& Evolution},
	volume = {9},
	pages = {165--188}
}

@Article{ Egan_2006,
	author = {Mary G Egan},
	year = {2006},
	title = {Support versus Corroboration},
	journal = {Journal od Biomedical Informatics},
	volume = {39},
	pages = {72--85}
}

@Article{ Edgar_2004,
	author = {Robert C Edgar},
	year = {2004},
	title = {MUSCLE: multiple sequence alignment with high accuracy and high throughput},
	journal = {Nucleic Acids Research},
	volume = {32},
	number = {5},
	pages = {1792--1797}
}

@Book{ Edwards_1992,
	title = {Likelihood},
	author = {Anthony Williams Fairbank Edwards},
	publisher = {The John Hopkins University Press},
	location = {Baltimore, Maryland},
	pagetotal = {275},
	year = {1992}
}

@Book{ Felsenstein_2004,
	title = {{infering Phylogenies}},
	author = {Joseph Felsenstein},
	publisher = {Sinauer Associated},
	location = {Sunderland, Massachussets},
	pagetotal = {{664}},
	year = {2004}
}

@Article{ Fitch_1971,
	author = {Walter M Fitch},
	year = {1971},
	title = {{Toward defining the course of evolution: Minimum change for a specific tree topology.}},
	journal = {Systematic Zoology},
	volume = {10},
	pages = {406–-416}
}

@Book{ Goyvaerts_and_Levitahn_2009,
	title = {{Expressões Regulares Cookbook}},
	author = {Jan Goyvaerts and Steven Levitahn},
	publisher = {Novatec Editora Ltda},
	location = {São Paulo},
	pagetotal = {{156}},
	year = {2009}
}

@Article{ Grievink_et_al_2013,
	author = {T A Hall},
	year = {2013},
	title = {Missing data and influential sites: Choice of sites for phylogenetic analysis can be as important as taxon sampling and model choice},
	journal = {Genome Biology and Evolution},
	volume = {5},
	number = {4},
	pages = {681--687}
}

@Article{ Hall_1999,
	author = {T A Hall},
	year = {1999},
	title = {{BioEdit: a user-friendly biological sequence alignment editor and analysis program for Windows 95/98/NT}},
	journal = {Nucleic Acid Symposium},
	volume = {41},
	pages = {95--98}
}

@Article{ Hauser_and_Presch_1991,
	author =   {David L Hauser and William Presch},
	year = {1991},
	title = {{The effect of ordered characters on phylogenetic reconstrucion}},
	journal = {Cladistics},
	volume = {7},
	pages = {243--265}
}

@Article{ Holder_et_al_2008,
	author =   {Mark T Holder and Jeet Sukumaran and Paul O Lewis},
	year = {2008},
	title = {{A justification for reporting the Majority-rule consensus tree in Bayesian Phylogenetics}},
	journal = {Systematic Biology},
	volume = {57},
	pages = {814--821}
}

@InBook{ Jukes_and_Cantor_1969,
	title = {Evolution of protein molecules.},
	booktitle = {Mammalian protein metabolism.},
	author = {T H Jukes and C R Cantor},
	editor = {H N Munro},
	publisher = {Academic Press},
	location = {New York},
	year = {1969}
}

@Article{ Jungfer_et_al_2013,
	author =   {Karl-Heinz Jungfer and Julián Faivovich and José M. Padia and Santiago Castroviejo-Fisher and Mariana M Lira and Bianca V M Berneck and Patricia P Iglesias and Philippe J R Kok and Ross D Macculloch and Miguel T Rodrigues and Vanessa K Verdade and Claudia P Torres Gastello and Juan Carlos Chaparro and Paula H Valdujo and Steffen Reichle and Jirí Moravec and Václav Gvozdík and Giussepe Gagliardi-Urrutia and Raffael Ernst and Ignacio de la Riva and Donald Bruce Means and Albertina P Lima and J Celsa Señaris and Ward C Wheeler and Célio F B Haddad},
	year = {2012},
	title = {Systematics of spiny-backed treefrogs (Hylidae:Osteocephalus): an Amazonian puzzle},
	journal = {Zoologica Scripta},
	volume = {42},
	number ={4},
	pages = {351--380}
}

@Article{ Larkin_et_al_2007,
	author =   { M A Larkin and G Blackshields and N P Brown and R Chenna and P A McGettigan and H McWilliam andn F Valentin and I M Wallace and A Wilm and R Lopez and J D Thompson and T J Gibson and D G Higgins},
	year = {2008},
	title = {{ClustalW and ClustalX, version 2}},
	journal = {Bioinformatics},
	volume = {23},
	number = {21},
	pages = {2947-2948}
}

@Book{ Page_and_Homes_1998,
	title = {{Molecular Evolution: A phylogenetic approach}},
	author = {R D M Page and E C Holmes},
	publisher = {Blackwell Science},
	location = {Boston},
	pagetotal = {},
	year = {1998}
}

@Book{ Siever_at_al_2009,
	title = {{Linux in a nutshell, 6th edition.}},
	author = {Ellen Siever and Stephen Figgins and Robert Love and Arnold Robbins},
	publisher = {O'Reilly},
	location = {Cambridge},
	pagetotal = {{920}},
	year = {2009}
}

@Article{ Farris_1970,
	author = {Steve Farris},
	year = {1970},
	title = {{Methods for computing Wagner trees}},
	journal = {Systematic Zoology},
	volume = {19},
	pages = {83--92}
}

@Article{ Giribet_2001,
	author = {Gonzalo Giribet},
	year = {2001},
	title = {Exploring the behavior of POY, a program for direct optimization of molecular data},
	journal = {Cladistics},
	volume = {17},
	pages = {60--70}
}

@Article{ Giribet_2003,
	author = {Gonzalo Giribet},
	year = {2003},
	title = {Stability in phylogenetic formulations, and its relationship to nodal support},
	journal = {Systematic Biology},
	volume = {52},
	pages = {554--564}
}

@Article{ Giribet_2007,
	author = {Gonzalo Giribet},
	year = {2007},
	title = {{Efficient tree searches with Available Algorithms}},
	journal = {Evolutionary Bioinformatics},
	volume = {3},
	pages = {341--356}
}

@Article{ Giribet_and_Wheeler_1999,
	author = {Gonzalo Giribet and Ward C Wheeler},
	year = {1999},
	title = {{On gaps}},
	journal = {Molecular Phylogenetics and Evolution},
	volume = {13},
	number = {1},
	pages = {132--143}
}

@Article{ Giribet_and_Wheeler_2007,
	author = {Gonzalo Giribet and Ward C Wheeler},
	year = {2007},
	title = {{The case for sensitivity: a response or Grant and Kluge}},
	journal = {Cladistics},
	volume = {23},
	number = {},
	pages = {1--3}
}

@InBook{ Giribet_at_al_2002,
	title = {DNA multiple sequence alignments},
	booktitle = {Molecular Systematics and Evolution: Theory and Practice},
	author = {Gonzalo Giribet and Ward C Wheeler and and Jyrki Muona},
	editor = {Rob DeSalle and Gonzalo Giribet and Ward C Wheeler},
	publisher = {Birkhäuser Verlag},
	location = {Basel},
	chapter = {},
	pages = {107--114},
	year = {2002}
}

@Article{ Goloboff_1999,
	author = {Pablo Goloboff},
	year = {1999},
	title = {{Analyzing large data sets in reasonable times: solutions for composite optima}},
	journal = {Cladistics},
	volume = {15},
	pages = {415--428}
}

@Article{ GoloboffEtAl_2008,
	author = {Pablo Goloboff and James S Farris and Kenin Nixon},
	year = {2008},
	title = {{TNT a free program for phylogenetic analysis}},
	journal = {Cladistics},
	volume = {24},
	pages = {1--14}
}

@Article{ Grant_and_Kluge_2003,
	author = {Taran Grant and Arnold G Kluge},
	year = {2003},
	title = {{Data exploration in phylogenetic inference: scientific, heuristic, or neither}},
	journal = {Cladistics},
	volume = {19},
	pages = {379--418}
}

@Article{ Grant_and_Kluge_2004,
	author = {Taran Grant and Arnold G Kluge},
	year = {2004},
	title = {{Transformation series as an idiographic character concept}},
	journal = {Cladistics},
	volume = {20},
	pages = {23--31}
}

@Article{ Grant_et_al_2006,
	author = {Taran Grant and Darrel R Frost and Janalee P Caldwell and Ron Gagliardo and Célio F B Haddad and Philippe J R Kok and D Bruce Means and Brice P Noonan and Walter E Schargel and Ward C Wheeler},
	year = {2006},
	title = {Phylogenetic systematics of dart-poison frogs and their relatives (Amphibia:Athesphatanura:Dendrobatidae)},
	journal = {Bulletin of the American Museum of Natural History},
	Number = {299},
	pages = {1--262}
}

@Article{ Katoh_et_al_2002,
	author = {Kazutaka Katoh and Kazuharu Misawa and Kei‐ichi Kuma and Takashi Miyata},
	year = {2004},
	title = {{MAFFT: a novel method for rapid multiple sequence alignment based on fast Fourier transform}},
	journal = {Nucleic Acids Research},
	volume = {30},
	number = {14},
	pages = {3059--3066}
}

@Article{ Katoh_and_Standley_2013,
	author = {Kazutaka Katoh and Daron M Standley},
	year = {2013},
	title = {{MAFFT Multiple Sequence Alignment Software Version 7: Improvements in performance and usability}},
	journal = {Molecular Biology and Evolution},
	volume = {30},
	number = {4},
	pages = {771--780}
}

@Article{ Margush_and_McMorris_1981,
	author = {T Margush and F R McMorris},
	year = {1981},
	title = {{Consensus n-trees}},
	journal = {Bulletin of Mathematical Biology},
	volume = {2},
	pages = {239--244}
}


@Article{ Miyamoto_1985,
	author = {M M Miyamoto},
	year = {1985},
	title = {{Consensus cladograms and general classifications}},
	journal = {Cladistics},
	volume = {1},
	pages = {186--186}
}

@Article{ Needleman_and_Wunsch_1970,
	author = {Saul B Needleman and Christian D Wunsch},
	year = {1970},
	title = {{A general method applicable to the search of similatiries in the amino acid sequence of two proteins}},
	journal = {Journal of Molecular Biology},
	volume = {48},
	pages = {443--153}
}

@Article{ Nixon_1999,
	author = {Kevin C Nixon},
	year = {1999},
	title = {{The parsimony ratchet, a new method for rapid parsimony analysis}},
	journal = {Cladistics},
	volume = {15},
	pages = {407--414}
}

@Article{ Machado_2014,
	author = {Denis Jacob Machado},
	year = {2015},
	title = {YBYRÁ, a fast and resourceful tool for sensitivity analysis},
	journal = {BMC Bioinformatics Journal},
	volume = {16},
	number = {},
	pages = {204}
}

@InBook{ Machado_and_Marques_2013,
	title = {On the use of iterative pass as a refinement strategy},
	booktitle = {Proceedings of the XXXII Meeting of the Willi Hennig Society},
	author = {Denis Jacob Machado and Fernando P L Marques},
	editor = {},
	publisher = {},
	location = {Rostock, Germany},
	chapter = {},
	pages = {74},
	year = {2013}
}

@Article{ Mindell_2013,
	author = {David P Mindell},
	year = {2013},
	title = {The tree of life: metaphor, model, and heuristic device.},
	journal = {Systematic Biology},
	volume = {62},
	number = {3},
	pages = {479--489}
}

@Article{ Morrison_2014,
	author = {David A Morrison},
	year = {2014},
	title = {Is the tree of life the best metaphor, model, or heuristic for phylogenetics?},
	journal = {Systematic Biology},
	volume = {63},
	number = {4},
	pages = {628--638}
}

@Article{ Morrison_and_Ellis_1997,
	author = {David A Morrison and John T Ellis},
	year = {1997},
	title = {{Effects of nucleotide sequence alignment on phylogenetic estimation: a case study of 18S rDNAs of Aplicomplexa}},
	journal = {Molecular Biology and Evolution},
	volume = {14},
	number = {4},
	pages = {428--441}
}

@Article{ Nixon_and_Carpenter_2011,
	author = {Kevin C Nixon and James M Carpenter},
	year = {2011},
	title = {{On homology.}},
	journal = {Cladistics},
	volume = {27},
	pages = {1--10}
}

@Article{ Ogden_and_Rosemberg_2007,
	author = {T H Ogden and Michael S Rosemberg},
	year = {2007},
	title = {{Alignment and topological accuracy of the direct optimization approach via POY and traditional phylogenetics via Clustalw + PAUP*}},
	journal = {Systematic Biology},
	volume = {56},
	pages = {182--193}
}

@Article{ Pinto-da-Rocha_et_al_2014,
	author = {R {Pinto-da-Rocha} and C Bragagnolo and F P L Marques and M {Antunes jr.}},
	year = {2014},
	title = {},
	journal = {Cladistics},
	volume = {30},
	pages = {519--539}
}

@Article{ Phillips_et_al_2000,
	author = {Aloysius Phillips and Daniel Janes and Ward C Wheeler},
	year = {2000},
	title = {{Multiple sequence alignments in phylogenetic Anlalysis.}},
	journal = {Molecular Phylogenetics and Evolution},
	volume = {16},
	number = {3},
	pages = {317--330}
}

@Misc{ Rambaut_2006,
	author =   {Andrew Rambaut},
	title =    {{Figtree: Tree Figure Drawing Tool}},
	howpublished = {\url{http://tree.bio.ed.ac.uk/software/figtree/}},
	note = {Version 1.3.1}
	year = {2003--2009}
}

@Article{ Robinson_and_Foulds_1981,
	author = {D F Robinson and L R Foulds},
	year = {1981},
	title = {{Comparison of phylogenetic trees}},
	journal = {Mathematical Biociences},
	volume = {53},
	pages = {131--147}
}

@Article{ Rohlf_1982,
	author =   {F J Rohlf},
	year = {1982},
	title = {{Consensus indices for comparing classifications}},
	journal = {Mathematical Biociences},
	volume = {59},
	pages = {131--144}
}


@InBook{ Saltelli_2000,
	title = {What is sensitivity analysis? pp. 3--13},
	booktitle = {Sensitivity Analysis},
	author = {A Saltelli},
	editor = {A Saltelli and K Chan and E M Scott},
	publisher = {John Wiley \& Sons},
	location = {Chichester},
	chapter = {},
	pages = {},
	year = {2000}
}

@Article{ Sanders_2010,
	author =   {John G Sanders},
	year = {2010},
	title = {Program note: Cladescan, a program for automated phylogenetic sensitivity analysis},
	journal = {Cladistics},
	volume = {26},
	pages = {114--116}
}

@Article{ Sankoff_1975,
	author =   {David Sankoff},
	year = {1975},
	title = {{Minimal mutation trees of sequence.}},
	journal = {SIAM Journal on Applied Mathematics},
	volume = {28},
	pages = {35--42}
}

@Article{ Sankoff_and_Cedergren_1973,
	author =   {David Sankoff and R J Cedergren},
	year = {1973},
	title = {A test for nucleotide-sequence homology},
	journal = {Journal of Molecular Biology},
	volume = {77},
	pages = {159--164}
}

@Article{ Sankoff_et_al_1976,
	author =   {David Sankoff and R J Cedergren and G Lapalme},
	year = {1976},
	title = {Frequency of insertion–deletion, transversion, and transition in the evolutions of 5S ribosomal RNA},
	journal = {Journal of Molecular Evolution},
	volume = {7},
	pages = {133--139}
}

@InBook{ Siddall_2001,
	title = {Measures of Support},
	booktitle = {Methods and Tools in Biosciences and Medicine},
	author = {Mark E Siddall},
	editor = {Rob DeSalle and Ward C Wheeler and Gonzalo Giribet},
	publisher = {Birkhäuser Verlag},
	location = {Basel},
	chapter = {5},
	pages = {80--101},
	year = {2001}
}

@Article{ Sievers_et_al_2011,
	author =   {Fabian Sievers and Andreas Wilm and David Dineen and Toby J Gibson and Kevin Karplus and Weizhong Li and Rodrigo Lopez and Hamish McWilliam and Michael Remmert and Johannes Söding and Julie D Thompson and Desmond G Higgins},
	year = {2011},
	title = {Fast, scalable generation of high-quality protein multiple sequence alignment using Clustal Omega},
	journal = {Molecular Systems Biology},
	volume = {7},
	pages = {539}
}

@Article{ Slowinski_1993,
	author =   {Joseph B Slowinski},
	year = {1993},
	title = {{''Unordered'' versus ''ordered'' characters.}},
	journal = {Systematic Biology},
	volume = {42},
	pages = {155--165}
}

@Book{ Schuh_2000,
	title = {{Biological Systematics. Principles and Applications}},
	author = {R T Schuh},
	publisher = {Cornell University Press},
	location = {Ithaca},
	pagetotal = {},
	year = {2000}
}

@Article{ Swofford_and_Maddison_1987,
	author = {D L Swofford and W P Maddison},
	year = {1987},
	title = {{Reconstructing ancestral character states under Wagner parsimony}},
	journal = {Mathematical Bioscience},
	volume = {87},
	pages = {199--229}
}

@InBook{ SwoffordEtAl1996,
	title = {{Phylogenetic Inference pp. 407--514}},
	booktitle = {{Molecular Systematics, 2nd. Edition}},
	author = {D L Swofford and G J Olsen and P J Waddell and D M Hillis},
	editor = {D M Hillis and C Moritz and B K Mable},
	publisher = {Sinauer Associated},
	location = {Sunderland},
	chapter = {11},
	pages = {655},
	year = {1996}
}

@book{Swofford_1990,
	year = {1990},
	author = {David Swofford},
	title = {PAUP: Phylogenetic Analysis Using Parsimony},
	publisher = {Illinois Natural History Survey},
	address = {Champaign, IL}
}


@book{Swofford_2003,
	year = {2003--2016},
	author = {David Swofford},
	title = {PAUP*. Phylogenetic Analysis Using Parsimony (*and Other Methods, Version 4.0a131)},
	publisher = {Sinauer Associates},
	address = {Sunderland, Massachusetts}
}


@Misc{ Thacker_2014,
	title = {Tutorial: Defining probability for Science.},
	author = {Neil A Thacker},
	year = {2014},
	url = {http://tree.bio.ed.ac.uk/},
	Note = {Acesso em: 2 jul. 2014}
}


@Article{ Vaidya_et_all_2010,
	author = {Gaurav Vaidya and David J Lohman and Rudolf Meier},
	year = {2010},
	title = {{SequenceMatrix: concatenation software for the fast assembly of multi-gene datasets with character set and codon information.}},
	journal = {Cladistics},
	volume = {27},
	pages = {171--180}
}

@Article{ VaronETAL_2010,
	author = {A. Var{\'o}n and L S Vinh and W C Wheeler},
	year = {2010},
	title = {{POY version 4: phylogenetic analysis using dynamic homologies}},
	journal = {Cladistics},
	volume = {26},
	pages = {72--85}
}


@book{ VaronETAL_2014,
	year = {2011--2014},
	author = {Andres Varon and Nicholas Lucaroni and Lin Hong and Ward C Wheeler},
	title = {POY version 4: phylogenetic analysis using dynamic homologies, version 5.0},
	publisher = {American Museum of Natural History},
	address = {New York, NY}
}

@Article{ Wagner_1961,
	author = {W H Wagner},
	year = {1961},
	title = {{Problems in the classification of ferns}},
	journal = {Recent Advances in Botany},
	volume = {1},
	pages = {841--844}
}

@Article{ Wheeler_1995,
	author = {Ward C Wheeler},
	year = {1995},
	title = {Sequence alignment, parameter sensitivity, and the phylogenetic analysis of molecular data},
	journal = {Sistematic Biology},
	volume = {44},
	number ={3},
	pages = {321--331}
}

@Article{ Wheeler_1996,
	author = {Ward C Wheeler},
	year = {1996},
	title = {{Optimization alignment: the end of multiple sequence alignment in phylogenetics?}},
	journal = {Cladistics},
	volume = {12},
	pages = {1--9}
}

@Article{ Wheeler_2001,
	author = {Ward C Wheeler},
	year = {2001},
	title = {{Homology and the optimization os DNA sequence data}},
	journal = {Cladistics},
	volume = {17},
	pages = {S3--S11}
}

@Article{ Wheeler_2003a,
	author = {Ward C Wheeler},
	year = {2003},
	title = {{Implied alignment: a synapomorphy-based multiple-sequence alignment method and its use in cladogram search}},
	journal = {Cladistics},
	volume = {19},
	pages = {261--268}
}

@Article{ Wheeler_2003b,
	author = {Ward C Wheeler},
	year = {2003},
	title = {{Iterative pass optimization of sequence data}},
	journal = {Cladistics},
	volume = {19},
	pages = {254--260}
}

@Book{ Wheeler_2012,
	title = {{Systematics: a course of lectures}},
	author = {Ward C Wheeler},
	publisher = {Wiley-Backwell},
	location = {Malaysia},
	pagetotal = {{426}},
	year = {2012}

}

@InBook{ Wheeler_and_Giribet_2009,
	title = {{Phylogenetic hypothesis and the utility of multiple sequence alignment. pp. 95--104}},
	booktitle = {{Sequence Alignment: Methods, models, concepts and strategies}},
	author = {Ward C Wheeler and Gonzalo Giribet},
	editor = {Michael S Rosemberg},
	publisher = {University of California Press},
	location = {Berkeley, CA},
	chapter = {6},
	pages = {337},
	year = {2009}
}

@book{	Wheeler_and_Gladstein_1994,
	year = {1994},
	author = {Ward C Wheeler and D L Gladstein},
	title = {MALIGN, version 1.93},
	publisher = {American Museum of Natural History},
	address = {New York, NY}
}

@Article{ Wheeler_and_Hayashi_1998,
	author = {Ward C Wheeler and C Y Hayashi},
	year = {1998},
	title = {The phylogeny of extant chelicerate orders.},
	journal = {Cladistics},
	volume = {14},
	pages = {173--192}
}

@Book{ Wheeler_et_al_2006,
	title = {Dynamic homology and phylogenetic systematics: a unified approach using POY},
	author = {Ward C Wheeler and Lone Aagesen and Claudia P Arango and Julián Faivovich and Taran Grant and Cyrille D'Haese and Daniel Janies and Wm. Leo Smith and Andrés Varón and Gonzalo Giribet},
	publisher = {Americam Museum of Natural History},
	location = {New York, Germany},
	pagetotal = {284},
	year = {2006}
}

@Article{ Weins_1998,
	author = {John J Weins},
	year = {1998},
	title = {Does adding characters with missing data increase or decrease phylogenetic accuracy?},
	journal = {Systematic Biology},
	volume = {47},
	number = {4},
	pages = {625--640}
}

@Article{ Weins_2003,
	author = {John J Weins},
	year = {2003},
	title = {Missing data, incomplete taxa, and phylogenetic accuracy.},
	journal = {Systematic Biology},
	volume = {52},
	number = {4},
	pages = {528--538}
}

@Article{ Weins_2006,
	author = {John J Weins},
	year = {2006},
	title = {Missing data and the disign of phylogenetic analyses.},
	journal = {Journal of Biomedical Informatics},
	volume = {39},
	number = {},
	pages = {34--42}
}

@Article{ Weins_and_Morrill_2011,
	author = {John J Weins},
	year = {2011},
	title = {Missing data in phylogenetic analysis: Reconciling results from simulations and empirical data.},
	journal = {Systematic Biology},
	volume = {60},
	number = {5},
	pages = {719--731}
}


@Book{ Wunchiers_2004,
	title = {{Computational Biology: Unix/Linux, data processing and programming.}},
	author = {Röbbe Wünschiers},
	publisher = {Springer},
	location = {Berlin, Germany},
	pagetotal = {{284}},
	year = {2004}
}

@PhDThesis{ Zwickl_2006,
	title = {{Genetic algorithm approaches for the phylogenetic analysis of large biological sequence datasets under the maximum likelihood criterion}},
	author = {Derick J Zwickl},
	school = {The University of Texas},
	location = {Austin},
	pagetotal = {},
	year = {2006}
}

